<?xml version="1.0" encoding="utf-8"?>
<record xmlns="http://www.loc.gov/MARC21/slim" xmlns:xsi="http://www.w3.org/2001/XMLSchema-instance" xsi:schemaLocation="http://www.loc.gov/MARC21/slim http://www.loc.gov/standards/marcxml/schema/MARC21slim.xsd">
	<leader>
		02153nam a2200421   4500
	</leader>
	<controlfield tag="001">
		001684213
	</controlfield>
	<controlfield tag="003">
		NNU
	</controlfield>
	<controlfield tag="006">
		m        d        
	</controlfield>
	<controlfield tag="007">
		cr cn |||m|||a
	</controlfield>
	<controlfield tag="008">
		151105s1962    iq      o     000 0 ara  
	</controlfield>
	<datafield ind1=" " ind2=" " tag="040">
		<subfield code="a">
			NNU
		</subfield>
		<subfield code="b">
			eng
		</subfield>
		<subfield code="e">
			rda
		</subfield>
		<subfield code="c">
			NNU
		</subfield>
	</datafield>
	<datafield ind1=" " ind2="4" tag="050">
		<subfield code="a">
			D16.8
		</subfield>
		<subfield code="b">
			.D87 1962
		</subfield>
	</datafield>
	<datafield ind1="0" ind2="0" tag="050">
		<subfield code="a">
			D16.8
		</subfield>
		<subfield code="b">
			.D87
		</subfield>
	</datafield>
	<datafield ind1="1" ind2=" " tag="100">
		<subfield code="6">
			880-01
		</subfield>
		<subfield code="a">
			Dūrī, ʻAbd al-ʻAzīz.
		</subfield>
	</datafield>
	<datafield ind1="1" ind2="0" tag="245">
		<subfield code="6">
			880-02
		</subfield>
		<subfield code="a">
			Tafsīr al-tārīkh /
		</subfield>
		<subfield code="c">
			taʼlīf ʻAbd al-ʻAzīz al-Dūrī [wa-ākharīn].
		</subfield>
	</datafield>
	<datafield ind1=" " ind2=" " tag="260">
		<subfield code="6">
			880-03
		</subfield>
		<subfield code="a">
			Baghdād :
		</subfield>
		<subfield code="b">
			Maktabat al-Nahḍah,
		</subfield>
		<subfield code="c">
			[1962?]
		</subfield>
	</datafield>
	<datafield ind1=" " ind2=" " tag="300">
		<subfield code="a">
			online resource (55 pages)
		</subfield>
	</datafield>
	<datafield ind1=" " ind2=" " tag="336">
		<subfield code="a">
			text
		</subfield>
		<subfield code="2">
			rdacontent
		</subfield>
	</datafield>
	<datafield ind1=" " ind2=" " tag="337">
		<subfield code="a">
			computer
		</subfield>
		<subfield code="2">
			rdamedia
		</subfield>
	</datafield>
	<datafield ind1=" " ind2=" " tag="338">
		<subfield code="a">
			online resource
		</subfield>
		<subfield code="2">
			rdacarrier
		</subfield>
	</datafield>
	<datafield ind1="1" ind2=" " tag="490">
		<subfield code="6">
			880-04
		</subfield>
		<subfield code="a">
			Manshūrāt Jamʻīyat al-muʼallifīn wa-al-kuttāb al-ʻIrāqīyīn ;
		</subfield>
		<subfield code="v">
			5
		</subfield>
	</datafield>
	<datafield ind1=" " ind2=" " tag="500">
		<subfield code="a">
			Part of the Arabic Collections Online (ACO) project, contributed by New York Univeristy Libraries.
		</subfield>
	</datafield>
	<datafield ind1=" " ind2=" " tag="533">
		<subfield code="a">
			Electronic reproduction.
		</subfield>
		<subfield code="b">
			New York, N.Y. :
		</subfield>
		<subfield code="c">
			New York University,
		</subfield>
		<subfield code="d">
			2015.
		</subfield>
		<subfield code="5">
			NNU
		</subfield>
	</datafield>
	<datafield ind1=" " ind2="0" tag="650">
		<subfield code="a">
			History
		</subfield>
		<subfield code="x">
			Philosophy.
		</subfield>
	</datafield>
	<datafield ind1=" " ind2="7" tag="650">
		<subfield code="a">
			History
		</subfield>
		<subfield code="x">
			Philosophy.
		</subfield>
		<subfield code="2">
			fast
		</subfield>
		<subfield code="0">
			(OCoLC)fst00958266.
		</subfield>
	</datafield>
	<datafield ind1="2" ind2=" " tag="710">
		<subfield code="a">
			New York University.
		</subfield>
		<subfield code="b">
			Libraries.
		</subfield>
	</datafield>
	<datafield ind1="0" ind2=" " tag="730">
		<subfield code="a">
			Arabic Collections Online.
		</subfield>
	</datafield>
	<datafield ind1="0" ind2="8" tag="776">
		<subfield code="i">
			Online version:
		</subfield>
		<subfield code="a">
			Dūrī, ʻAbd al-ʻAzīz.
		</subfield>
		<subfield code="t">
			Tafsīr al-tārīkh.
		</subfield>
		<subfield code="d">
			Baghdād : Maktabat al-Nahḍah [1962?]
		</subfield>
		<subfield code="w">
			(OCoLC)565041384
		</subfield>
	</datafield>
	<datafield ind1="0" ind2="8" tag="776">
		<subfield code="i">
			Print version:
		</subfield>
		<subfield code="a">
			Dūrī, ʻAbd al-ʻAzīz.
		</subfield>
		<subfield code="t">
			Tafsīr al-tārīkh
		</subfield>
		<subfield code="w">
			(NNU)001684213
		</subfield>
		<subfield code="w">
			(DLC)ne 64003286
		</subfield>
	</datafield>
	<datafield ind1="4" ind2="0" tag="856">
		<subfield code="u">
			http://hdl.handle.net/2333.1/8sf7m38t
		</subfield>
	</datafield>
	<datafield ind1="1" ind2=" " tag="880">
		<subfield code="6">
			100-01/
		</subfield>
		<subfield code="a">
			دوري، عبد العزيز.
		</subfield>
	</datafield>
	<datafield ind1="1" ind2="0" tag="880">
		<subfield code="6">
			245-02/
		</subfield>
		<subfield code="a">
			تفسير التاريخ /
		</subfield>
		<subfield code="c">
			تأليف عبد العزيز الدوري ... [et al.].
		</subfield>
	</datafield>
	<datafield ind1=" " ind2=" " tag="880">
		<subfield code="6">
			260-03/
		</subfield>
		<subfield code="a">
			بغداد :
		</subfield>
		<subfield code="b">
			مكتبة النهضة،
		</subfield>
		<subfield code="c">
			[1962؟]
		</subfield>
	</datafield>
	<datafield ind1="1" ind2=" " tag="880">
		<subfield code="6">
			490-04/
		</subfield>
		<subfield code="a">
			منشورات جمعية المؤلفين والكتاب العراقيين ؛
		</subfield>
		<subfield code="v">
			5
		</subfield>
	</datafield>
	<datafield ind1="2" ind2=" " tag="810">
		<subfield code="6">
			880-05
		</subfield>
		<subfield code="a">
			Jamʻīyat al-Muʼallifīn wa-al-Kuttāb al-ʻIrāqīyīn.
		</subfield>
		<subfield code="t">
			Manshūrāt ;
		</subfield>
		<subfield code="v">
			5.
		</subfield>
	</datafield>
	<datafield ind1="2" ind2=" " tag="880">
		<subfield code="6">
			810-05/
		</subfield>
		<subfield code="a">
			جمعية المؤلفين والكتاب العراقيين.
		</subfield>
		<subfield code="t">
			منشورات ؛
		</subfield>
		<subfield code="v">
			5.
		</subfield>
	</datafield>
	<datafield ind1=" " ind2=" " tag="959">
		<subfield code="a">
			NNU
		</subfield>
		<subfield code="b">
			WEB
		</subfield>
		<subfield code="c">
			GENI
		</subfield>
		<subfield code="t">
			0
		</subfield>
		<subfield code="m">
			Electronic access
		</subfield>
		<subfield code="s">
			01
		</subfield>
	</datafield>
	<datafield ind1=" " ind2=" " tag="999">
		<subfield code="i">
			NNU_001684213
		</subfield>
		<subfield code="s">
			nyu_aco001237
		</subfield>
	</datafield>
</record>
